@ARTICLE{Thijssen:2013cp,
   author = {Thijssen, J.},
   title = {{'Computational Physics'}},
   year = {2013}
}

@ARTICLE{Verlet:1967md,
   author = {Verlet, L.},
   title = {{'Computer "Experiments" on Classical Fluids. I. Thermodynamical Properties of Lennard-Jones Molecules'}},
   journal = {Physical Review},
   volume = {159},
   year = {1967}
}

@ARTICLE{Glosser:2015iccp,
   author = {Glosser C.},
   title = {{'ICCP Coding Manual'}},
   year = {2015}
}

@ARTICLE{Duane:1985lz,
   author = {Duane, S.},
   title = {{'Stochastic quantization versus the microcanonical ensemble – getting the best of both worlds'}},
   journal = {Nucl. Phys.},
   volume = {275},
   pages = {398-420},
   year = {1985}
}


@ARTICLE{Rahman,
   author = {Rahman, A.},
   title = {{'Correlations in the motion of atoms in liquid argon'}},
   journal = {Phys. Rev.},
   volume = {136A},
   pages = {405–411},
   year = {1964}
}

